<record><leader>00000cas a2200000 a 4500</leader><controlfield tag="001">30758321</controlfield><controlfield tag="008">940713d19691976iluir ne      0   a0eng c</controlfield><datafield ind1=" " ind2=" " tag="010"><subfield code="a">sn 94054457 </subfield></datafield><datafield ind1=" " ind2=" " tag="040"><subfield code="a">NVF</subfield><subfield code="b">eng</subfield><subfield code="c">NVF</subfield><subfield code="d">CVF</subfield><subfield code="d">NVF</subfield><subfield code="d">OCLCQ</subfield><subfield code="d">NVF</subfield><subfield code="d">OCLCO</subfield><subfield code="d">OCLCF</subfield><subfield code="d">OCL</subfield><subfield code="d">NVF</subfield></datafield><datafield ind1=" " ind2=" " tag="042"><subfield code="a">pcc</subfield></datafield><datafield ind1=" " ind2=" " tag="043"><subfield code="a">n-us-il</subfield><subfield code="a">n-us-in</subfield></datafield><datafield ind1="0" ind2="0" tag="245"><subfield code="a">Calumet City sun-journal.</subfield></datafield><datafield ind1="1" ind2="0" tag="246"><subfield code="a">Sun-journal</subfield></datafield><datafield ind1="1" ind2=" " tag="246"><subfield code="i">Published as:</subfield><subfield code="a">Sun-journal (Calumet City ed.)</subfield><subfield code="f">Jan. 22-Apr. 18, 1970</subfield></datafield><datafield ind1="1" ind2=" " tag="246"><subfield code="i">Published on Saturdays as:</subfield><subfield code="a">Sun journal</subfield><subfield code="f">Apr. 25, 1970-Sept. 11, 1971</subfield></datafield><datafield ind1="1" ind2=" " tag="246"><subfield code="i">Published on Tuesdays as:</subfield><subfield code="a">Sun journal</subfield><subfield code="f">Sept. 17, 1974-&lt;&gt;</subfield></datafield><datafield ind1="3" ind2=" " tag="246"><subfield code="a">Calumet City sun journal</subfield></datafield><datafield ind1=" " ind2=" " tag="260"><subfield code="a">Lansing, Ill. :</subfield><subfield code="b">Calumet Pub. Co.,</subfield><subfield code="c">1969-1976.</subfield></datafield><datafield ind1=" " ind2=" " tag="300"><subfield code="a">volumes</subfield></datafield><datafield ind1=" " ind2=" " tag="310"><subfield code="a">Triweekly,</subfield><subfield code="b">Sept. 17, 1974-&lt;Nov. 20, 1976&gt;</subfield></datafield><datafield ind1=" " ind2=" " tag="321"><subfield code="a">Semiweekly,</subfield><subfield code="b">Dec. 11, 1969-Sept. 14, 1974</subfield></datafield><datafield ind1="0" ind2=" " tag="362"><subfield code="a">Vol. 39, no. 26 (Dec. 11, 1969)-</subfield></datafield><datafield ind1="1" ind2=" " tag="362"><subfield code="a">Ceased in Nov. 1976.</subfield></datafield><datafield ind1=" " ind2=" " tag="500"><subfield code="a">"The Sun Journal is published in six editions on Thursday and Saturday: Lansing, Calumet City, Munster, Highland, Griffith, and Dyer, and in two editions on Tuesday."</subfield></datafield><datafield ind1=" " ind2=" " tag="515"><subfield code="a">Continues the numbering of Calumet City edition of the journal.</subfield></datafield><datafield ind1=" " ind2=" " tag="580"><subfield code="a">Weekly eds.: Sun (Calumet City, Ill.), 1970-&lt;1972&gt;, and: Calumet City sun, &lt;1973&gt;-1974.</subfield></datafield><datafield ind1=" " ind2=" " tag="588"><subfield code="a">Latest issue consulted: Nov. 20, 1976.</subfield></datafield><datafield ind1=" " ind2="0" tag="651"><subfield code="a">Lansing (Ill.)</subfield><subfield code="v">Newspapers.</subfield></datafield><datafield ind1=" " ind2="0" tag="651"><subfield code="a">Calumet City (Ill.)</subfield><subfield code="v">Newspapers.</subfield></datafield><datafield ind1=" " ind2="0" tag="651"><subfield code="a">Munster (Ind.)</subfield><subfield code="v">Newspapers.</subfield></datafield><datafield ind1=" " ind2="0" tag="651"><subfield code="a">Highland (Ind.)</subfield><subfield code="v">Newspapers.</subfield></datafield><datafield ind1=" " ind2="0" tag="651"><subfield code="a">Griffith (Ind.)</subfield><subfield code="v">Newspapers.</subfield></datafield><datafield ind1=" " ind2="0" tag="651"><subfield code="a">Dyer (Ind.)</subfield><subfield code="v">Newspapers.</subfield></datafield><datafield ind1=" " ind2="0" tag="651"><subfield code="a">Calumet Region (Ill. and Ind.)</subfield><subfield code="v">Newspapers.</subfield></datafield><datafield ind1=" " ind2="7" tag="651"><subfield code="a">Indiana</subfield><subfield code="z">Munster</subfield><subfield code="2">fast</subfield><subfield code="0">(OCoLC)fst01218128</subfield></datafield><datafield ind1=" " ind2="7" tag="651"><subfield code="a">Illinois</subfield><subfield code="z">Calumet City.</subfield><subfield code="2">fast</subfield><subfield code="0">(OCoLC)fst01277875</subfield></datafield><datafield ind1=" " ind2="7" tag="651"><subfield code="a">Illinois</subfield><subfield code="z">Lansing.</subfield><subfield code="2">fast</subfield><subfield code="0">(OCoLC)fst01205581</subfield></datafield><datafield ind1=" " ind2="7" tag="651"><subfield code="a">Indiana</subfield><subfield code="z">Dyer.</subfield><subfield code="2">fast</subfield><subfield code="0">(OCoLC)fst01234212</subfield></datafield><datafield ind1=" " ind2="7" tag="651"><subfield code="a">Indiana</subfield><subfield code="z">Griffith.</subfield><subfield code="2">fast</subfield><subfield code="0">(OCoLC)fst01238720</subfield></datafield><datafield ind1=" " ind2="7" tag="651"><subfield code="a">Indiana</subfield><subfield code="z">Highland.</subfield><subfield code="2">fast</subfield><subfield code="0">(OCoLC)fst01218068</subfield></datafield><datafield ind1=" " ind2="7" tag="651"><subfield code="a">United States</subfield><subfield code="z">Calumet Region.</subfield><subfield code="2">fast</subfield><subfield code="0">(OCoLC)fst01310301</subfield></datafield><datafield ind1=" " ind2="7" tag="655"><subfield code="a">Newspapers.</subfield><subfield code="2">fast</subfield><subfield code="0">(OCoLC)fst01423814</subfield></datafield><datafield ind1=" " ind2=" " tag="752"><subfield code="a">United States</subfield><subfield code="b">Illinois</subfield><subfield code="c">Cook County</subfield><subfield code="d">Lansing.</subfield></datafield><datafield ind1="1" ind2=" " tag="775"><subfield code="t">Sun (Calumet City, Ill.)</subfield><subfield code="w">(DLC)sn 94054459</subfield><subfield code="w">(OCoLC)30758371</subfield></datafield><datafield ind1="1" ind2=" " tag="775"><subfield code="t">Calumet City sun</subfield><subfield code="w">(DLC)sn 94054460</subfield><subfield code="w">(OCoLC)30758406</subfield></datafield><datafield ind1="0" ind2="0" tag="780"><subfield code="t">Calumet City edition of the journal</subfield><subfield code="w">(DLC)sn 94054456</subfield><subfield code="w">(OCoLC)30758295</subfield></datafield><datafield ind1="0" ind2="5" tag="780"><subfield code="t">Calumet City sun</subfield><subfield code="w">(DLC)sn 94054460</subfield><subfield code="w">(OCoLC)30758406</subfield></datafield><datafield ind1="0" ind2="0" tag="785"><subfield code="t">Sun journal (Lansing, Ill.)</subfield><subfield code="w">(DLC)sn 94054458</subfield><subfield code="w">(OCoLC)30758349</subfield></datafield><datafield ind1="1" ind2=" " tag="029"><subfield code="a">AU@</subfield><subfield code="b">000021574467</subfield></datafield></record>